%YAML 1.1
%TAG !u! tag:unity3d.com,2011:
--- !u!1001 &100100000
Prefab:
  m_ObjectHideFlags: 1
  serializedVersion: 2
  m_Modification:
    m_TransformParent: {fileID: 0}
    m_Modifications: []
    m_RemovedComponents: []
  m_ParentPrefab: {fileID: 0}
  m_RootGameObject: {fileID: 1377952577184006}
  m_IsPrefabParent: 1
--- !u!1 &1377952577184006
GameObject:
  m_ObjectHideFlags: 0
  m_PrefabParentObject: {fileID: 0}
  m_PrefabInternal: {fileID: 100100000}
  serializedVersion: 5
  m_Component:
  - component: {fileID: 4343124748806898}
  - component: {fileID: 114514114026750740}
  - component: {fileID: 114140888383960098}
  - component: {fileID: 23404597668403668}
  - component: {fileID: 33041085259486464}
  - component: {fileID: 114505200962924870}
  - component: {fileID: 114554999449561618}
  - component: {fileID: 114266519276095282}
  - component: {fileID: 114469089179255908}
  - component: {fileID: 114590097267910654}
  - component: {fileID: 82179167429635410}
  - component: {fileID: 114673795851228832}
  m_Layer: 11
  m_Name: PlayerCat
  m_TagString: Untagged
  m_Icon: {fileID: 0}
  m_NavMeshLayer: 0
  m_StaticEditorFlags: 0
  m_IsActive: 1
--- !u!4 &4343124748806898
Transform:
  m_ObjectHideFlags: 1
  m_PrefabParentObject: {fileID: 0}
  m_PrefabInternal: {fileID: 100100000}
  m_GameObject: {fileID: 1377952577184006}
  m_LocalRotation: {x: 0, y: 0.7071068, z: 0, w: 0.7071068}
  m_LocalPosition: {x: 63.5, y: -160, z: 0}
  m_LocalScale: {x: 0.1, y: 0.1, z: 0.1}
  m_Children: []
  m_Father: {fileID: 0}
  m_RootOrder: 0
  m_LocalEulerAnglesHint: {x: 0, y: 90, z: 0}
--- !u!23 &23404597668403668
MeshRenderer:
  m_ObjectHideFlags: 1
  m_PrefabParentObject: {fileID: 0}
  m_PrefabInternal: {fileID: 100100000}
  m_GameObject: {fileID: 1377952577184006}
  m_Enabled: 0
  m_CastShadows: 1
  m_ReceiveShadows: 1
  m_DynamicOccludee: 1
  m_MotionVectors: 1
  m_LightProbeUsage: 1
  m_ReflectionProbeUsage: 1
  m_Materials:
  - {fileID: 0}
  m_StaticBatchInfo:
    firstSubMesh: 0
    subMeshCount: 0
  m_StaticBatchRoot: {fileID: 0}
  m_ProbeAnchor: {fileID: 0}
  m_LightProbeVolumeOverride: {fileID: 0}
  m_ScaleInLightmap: 1
  m_PreserveUVs: 0
  m_IgnoreNormalsForChartDetection: 0
  m_ImportantGI: 0
  m_StitchLightmapSeams: 0
  m_SelectedEditorRenderState: 3
  m_MinimumChartSize: 4
  m_AutoUVMaxDistance: 0.5
  m_AutoUVMaxAngle: 89
  m_LightmapParameters: {fileID: 0}
  m_SortingLayerID: 0
  m_SortingLayer: 0
  m_SortingOrder: 0
--- !u!33 &33041085259486464
MeshFilter:
  m_ObjectHideFlags: 1
  m_PrefabParentObject: {fileID: 0}
  m_PrefabInternal: {fileID: 100100000}
  m_GameObject: {fileID: 1377952577184006}
  m_Mesh: {fileID: 10202, guid: 0000000000000000e000000000000000, type: 0}
--- !u!82 &82179167429635410
AudioSource:
  m_ObjectHideFlags: 1
  m_PrefabParentObject: {fileID: 0}
  m_PrefabInternal: {fileID: 100100000}
  m_GameObject: {fileID: 1377952577184006}
  m_Enabled: 1
  serializedVersion: 4
  OutputAudioMixerGroup: {fileID: 0}
  m_audioClip: {fileID: 0}
  m_PlayOnAwake: 0
  m_Volume: 1
  m_Pitch: 1
  Loop: 0
  Mute: 0
  Spatialize: 0
  SpatializePostEffects: 0
  Priority: 128
  DopplerLevel: 1
  MinDistance: 1
  MaxDistance: 500
  Pan2D: 0
  rolloffMode: 0
  BypassEffects: 0
  BypassListenerEffects: 0
  BypassReverbZones: 0
  rolloffCustomCurve:
    serializedVersion: 2
    m_Curve:
    - serializedVersion: 2
      time: 0
      value: 1
      inSlope: 0
      outSlope: 0
      tangentMode: 0
    - serializedVersion: 2
      time: 1
      value: 0
      inSlope: 0
      outSlope: 0
      tangentMode: 0
    m_PreInfinity: 2
    m_PostInfinity: 2
    m_RotationOrder: 4
  panLevelCustomCurve:
    serializedVersion: 2
    m_Curve:
    - serializedVersion: 2
      time: 0
      value: 0
      inSlope: 0
      outSlope: 0
      tangentMode: 0
    m_PreInfinity: 2
    m_PostInfinity: 2
    m_RotationOrder: 0
  spreadCustomCurve:
    serializedVersion: 2
    m_Curve:
    - serializedVersion: 2
      time: 0
      value: 0
      inSlope: 0
      outSlope: 0
      tangentMode: 0
    m_PreInfinity: 2
    m_PostInfinity: 2
    m_RotationOrder: 0
  reverbZoneMixCustomCurve:
    serializedVersion: 2
    m_Curve:
    - serializedVersion: 2
      time: 0
      value: 1
      inSlope: 0
      outSlope: 0
      tangentMode: 0
    m_PreInfinity: 2
    m_PostInfinity: 2
    m_RotationOrder: 0
--- !u!114 &114140888383960098
MonoBehaviour:
  m_ObjectHideFlags: 1
  m_PrefabParentObject: {fileID: 0}
  m_PrefabInternal: {fileID: 100100000}
  m_GameObject: {fileID: 1377952577184006}
  m_Enabled: 1
  m_EditorHideFlags: 0
  m_Script: {fileID: 11500000, guid: 7420423e2613f7a4c988212b273b34ae, type: 3}
  m_Name: 
  m_EditorClassIdentifier: 
  pianoC3: {fileID: 8300000, guid: 5c7e9c3b712fad746a5b299ee831cbb9, type: 3}
  m_muteKeys: 0
--- !u!114 &114266519276095282
MonoBehaviour:
  m_ObjectHideFlags: 1
  m_PrefabParentObject: {fileID: 0}
  m_PrefabInternal: {fileID: 100100000}
  m_GameObject: {fileID: 1377952577184006}
  m_Enabled: 1
  m_EditorHideFlags: 0
  m_Script: {fileID: 11500000, guid: d81fa39b1381136429eb9c8862342707, type: 3}
  m_Name: 
  m_EditorClassIdentifier: 
  m_itemConfigs: {fileID: 11400000, guid: 71e8bb2ce4c81844e82592bf7feb06de, type: 2}
  m_itemUIPrefab: {fileID: 1958049174781380, guid: 87b950d9394e24041a5c48c08a1e647d,
    type: 2}
--- !u!114 &114469089179255908
MonoBehaviour:
  m_ObjectHideFlags: 1
  m_PrefabParentObject: {fileID: 0}
  m_PrefabInternal: {fileID: 100100000}
  m_GameObject: {fileID: 1377952577184006}
  m_Enabled: 1
  m_EditorHideFlags: 0
  m_Script: {fileID: 11500000, guid: ddab6c2dff3b8b44c8d270fdeb5a85b1, type: 3}
  m_Name: 
  m_EditorClassIdentifier: 
--- !u!114 &114505200962924870
MonoBehaviour:
  m_ObjectHideFlags: 1
  m_PrefabParentObject: {fileID: 0}
  m_PrefabInternal: {fileID: 100100000}
  m_GameObject: {fileID: 1377952577184006}
  m_Enabled: 1
  m_EditorHideFlags: 0
  m_Script: {fileID: 11500000, guid: 25fb867d2049d41f597aefdd6b19f598, type: 3}
  m_Name: 
  m_EditorClassIdentifier: 
  nameText: Midi
  nameColor: {r: 1, g: 1, b: 1, a: 1}
  soundEffect: {fileID: 0}
  portraits: []
  portraitsFace: 0
  setSayDialog: {fileID: 0}
  description: 
--- !u!114 &114514114026750740
MonoBehaviour:
  m_ObjectHideFlags: 1
  m_PrefabParentObject: {fileID: 0}
  m_PrefabInternal: {fileID: 100100000}
  m_GameObject: {fileID: 1377952577184006}
  m_Enabled: 1
  m_EditorHideFlags: 0
  m_Script: {fileID: 11500000, guid: 5c25d3496c222b340898c7d642d96c78, type: 3}
  m_Name: 
  m_EditorClassIdentifier: 
  m_debugMode: 0
--- !u!114 &114554999449561618
MonoBehaviour:
  m_ObjectHideFlags: 1
  m_PrefabParentObject: {fileID: 0}
  m_PrefabInternal: {fileID: 100100000}
  m_GameObject: {fileID: 1377952577184006}
  m_Enabled: 1
  m_EditorHideFlags: 0
  m_Script: {fileID: 11500000, guid: 491e834804e558d4482bd3fce6d33ad1, type: 3}
  m_Name: 
  m_EditorClassIdentifier: 
  m_dialoguePrefab: {fileID: 1836725919014776, guid: 17e76ad118ed6ce44a83140b093daa09,
    type: 2}
  m_voices:
  - {fileID: 8300000, guid: 5d64176c60e81c54ca3a7c78285cd7d9, type: 3}
  - {fileID: 8300000, guid: 8105f2fbf1527cb4e973f14bcf379eea, type: 3}
  - {fileID: 8300000, guid: 0797eba3864c7d64eb6589a0cc53f06f, type: 3}
  - {fileID: 8300000, guid: 29fd9ebaa6b02004bb500151f0ad8e8d, type: 3}
  - {fileID: 8300000, guid: ffcaf4da860f82340959423b85e03b8a, type: 3}
  - {fileID: 8300000, guid: b3378f28f51b164438c33ad399de92ef, type: 3}
  - {fileID: 8300000, guid: c3d2bcb120466ee499bc2564c7f8f8ee, type: 3}
--- !u!114 &114590097267910654
MonoBehaviour:
  m_ObjectHideFlags: 1
  m_PrefabParentObject: {fileID: 0}
  m_PrefabInternal: {fileID: 100100000}
  m_GameObject: {fileID: 1377952577184006}
  m_Enabled: 1
  m_EditorHideFlags: 0
  m_Script: {fileID: 11500000, guid: 50b424f631c3a224ea947890e85af39e, type: 3}
  m_Name: 
  m_EditorClassIdentifier: 
  m_onSneakLowPassFrequncy: 1024
  m_beatsToWaitBeforeSneaking: 1.5
  m_beatsToStartSneaking: 1
  m_beatsToStopSneaking: 0.5
  m_sneakYDistance: 0.5
  m_sneakDistance: 10
--- !u!114 &114673795851228832
MonoBehaviour:
  m_ObjectHideFlags: 1
  m_PrefabParentObject: {fileID: 0}
  m_PrefabInternal: {fileID: 100100000}
  m_GameObject: {fileID: 1377952577184006}
  m_Enabled: 1
  m_EditorHideFlags: 0
  m_Script: {fileID: 11500000, guid: 223d6d92f8f9e044ca123acc0dd07d44, type: 3}
  m_Name: 
  m_EditorClassIdentifier: 
  m_actionSet: {fileID: 11400000, guid: e642f2a01f0128a4d818a5c8220981d1, type: 2}
