%YAML 1.1
%TAG !u! tag:unity3d.com,2011:
--- !u!1001 &100100000
Prefab:
  m_ObjectHideFlags: 1
  serializedVersion: 2
  m_Modification:
    m_TransformParent: {fileID: 0}
    m_Modifications: []
    m_RemovedComponents: []
  m_ParentPrefab: {fileID: 0}
  m_RootGameObject: {fileID: 1719465349784984}
  m_IsPrefabParent: 1
--- !u!1 &1719465349784984
GameObject:
  m_ObjectHideFlags: 0
  m_PrefabParentObject: {fileID: 0}
  m_PrefabInternal: {fileID: 100100000}
  serializedVersion: 5
  m_Component:
  - component: {fileID: 4733637936038882}
  - component: {fileID: 114424682130636062}
  - component: {fileID: 114095695096932662}
  - component: {fileID: 114692005749967644}
  - component: {fileID: 82523290428304182}
  - component: {fileID: 82643195742070644}
  - component: {fileID: 82525635764770216}
  - component: {fileID: 82977742463769126}
  - component: {fileID: 82145000482705716}
  - component: {fileID: 114190129127497410}
  - component: {fileID: 114024554273569582}
  - component: {fileID: 114042413442871782}
  - component: {fileID: 114741406259219470}
  - component: {fileID: 114302302708596200}
  - component: {fileID: 114588844030870198}
  - component: {fileID: 114597918100664450}
  - component: {fileID: 114762799364707838}
  - component: {fileID: 114249679732357660}
  m_Layer: 0
  m_Name: GameController
  m_TagString: Untagged
  m_Icon: {fileID: 0}
  m_NavMeshLayer: 0
  m_StaticEditorFlags: 0
  m_IsActive: 1
--- !u!4 &4733637936038882
Transform:
  m_ObjectHideFlags: 1
  m_PrefabParentObject: {fileID: 0}
  m_PrefabInternal: {fileID: 100100000}
  m_GameObject: {fileID: 1719465349784984}
  m_LocalRotation: {x: 0, y: 0, z: 0, w: 1}
  m_LocalPosition: {x: 0, y: 0, z: 0}
  m_LocalScale: {x: 1, y: 1, z: 1}
  m_Children: []
  m_Father: {fileID: 0}
  m_RootOrder: 0
  m_LocalEulerAnglesHint: {x: 0, y: 0, z: 0}
--- !u!82 &82145000482705716
AudioSource:
  m_ObjectHideFlags: 1
  m_PrefabParentObject: {fileID: 0}
  m_PrefabInternal: {fileID: 100100000}
  m_GameObject: {fileID: 1719465349784984}
  m_Enabled: 1
  serializedVersion: 4
  OutputAudioMixerGroup: {fileID: 24300002, guid: 6dfbbce8a2c4fc94092e1ed957eb1258,
    type: 2}
  m_audioClip: {fileID: 8300000, guid: 7bd9276ffd10c634787e3737afb57b8d, type: 3}
  m_PlayOnAwake: 0
  m_Volume: 0
  m_Pitch: 1
  Loop: 1
  Mute: 0
  Spatialize: 0
  SpatializePostEffects: 0
  Priority: 128
  DopplerLevel: 1
  MinDistance: 1
  MaxDistance: 500
  Pan2D: 0
  rolloffMode: 0
  BypassEffects: 0
  BypassListenerEffects: 0
  BypassReverbZones: 0
  rolloffCustomCurve:
    serializedVersion: 2
    m_Curve:
    - serializedVersion: 2
      time: 0
      value: 1
      inSlope: 0
      outSlope: 0
      tangentMode: 0
    - serializedVersion: 2
      time: 1
      value: 0
      inSlope: 0
      outSlope: 0
      tangentMode: 0
    m_PreInfinity: 2
    m_PostInfinity: 2
    m_RotationOrder: 4
  panLevelCustomCurve:
    serializedVersion: 2
    m_Curve:
    - serializedVersion: 2
      time: 0
      value: 0
      inSlope: 0
      outSlope: 0
      tangentMode: 0
    m_PreInfinity: 2
    m_PostInfinity: 2
    m_RotationOrder: 0
  spreadCustomCurve:
    serializedVersion: 2
    m_Curve:
    - serializedVersion: 2
      time: 0
      value: 0
      inSlope: 0
      outSlope: 0
      tangentMode: 0
    m_PreInfinity: 2
    m_PostInfinity: 2
    m_RotationOrder: 0
  reverbZoneMixCustomCurve:
    serializedVersion: 2
    m_Curve:
    - serializedVersion: 2
      time: 0
      value: 1
      inSlope: 0
      outSlope: 0
      tangentMode: 0
    m_PreInfinity: 2
    m_PostInfinity: 2
    m_RotationOrder: 0
--- !u!82 &82523290428304182
AudioSource:
  m_ObjectHideFlags: 1
  m_PrefabParentObject: {fileID: 0}
  m_PrefabInternal: {fileID: 100100000}
  m_GameObject: {fileID: 1719465349784984}
  m_Enabled: 1
  serializedVersion: 4
  OutputAudioMixerGroup: {fileID: 24300002, guid: 6dfbbce8a2c4fc94092e1ed957eb1258,
    type: 2}
  m_audioClip: {fileID: 8300000, guid: 10314a85ac5036c439cc90f1157d0dfa, type: 3}
  m_PlayOnAwake: 0
  m_Volume: 1
  m_Pitch: 1
  Loop: 1
  Mute: 0
  Spatialize: 0
  SpatializePostEffects: 0
  Priority: 128
  DopplerLevel: 1
  MinDistance: 1
  MaxDistance: 500
  Pan2D: 0
  rolloffMode: 0
  BypassEffects: 0
  BypassListenerEffects: 0
  BypassReverbZones: 0
  rolloffCustomCurve:
    serializedVersion: 2
    m_Curve:
    - serializedVersion: 2
      time: 0
      value: 1
      inSlope: 0
      outSlope: 0
      tangentMode: 0
    - serializedVersion: 2
      time: 1
      value: 0
      inSlope: 0
      outSlope: 0
      tangentMode: 0
    m_PreInfinity: 2
    m_PostInfinity: 2
    m_RotationOrder: 4
  panLevelCustomCurve:
    serializedVersion: 2
    m_Curve:
    - serializedVersion: 2
      time: 0
      value: 0
      inSlope: 0
      outSlope: 0
      tangentMode: 0
    m_PreInfinity: 2
    m_PostInfinity: 2
    m_RotationOrder: 0
  spreadCustomCurve:
    serializedVersion: 2
    m_Curve:
    - serializedVersion: 2
      time: 0
      value: 0
      inSlope: 0
      outSlope: 0
      tangentMode: 0
    m_PreInfinity: 2
    m_PostInfinity: 2
    m_RotationOrder: 0
  reverbZoneMixCustomCurve:
    serializedVersion: 2
    m_Curve:
    - serializedVersion: 2
      time: 0
      value: 1
      inSlope: 0
      outSlope: 0
      tangentMode: 0
    m_PreInfinity: 2
    m_PostInfinity: 2
    m_RotationOrder: 0
--- !u!82 &82525635764770216
AudioSource:
  m_ObjectHideFlags: 1
  m_PrefabParentObject: {fileID: 0}
  m_PrefabInternal: {fileID: 100100000}
  m_GameObject: {fileID: 1719465349784984}
  m_Enabled: 1
  serializedVersion: 4
  OutputAudioMixerGroup: {fileID: 24300002, guid: 6dfbbce8a2c4fc94092e1ed957eb1258,
    type: 2}
  m_audioClip: {fileID: 8300000, guid: 54765c4a17a1be940a8d20f46b3fd95c, type: 3}
  m_PlayOnAwake: 0
  m_Volume: 0
  m_Pitch: 1
  Loop: 1
  Mute: 0
  Spatialize: 0
  SpatializePostEffects: 0
  Priority: 128
  DopplerLevel: 1
  MinDistance: 1
  MaxDistance: 500
  Pan2D: 0
  rolloffMode: 0
  BypassEffects: 0
  BypassListenerEffects: 0
  BypassReverbZones: 0
  rolloffCustomCurve:
    serializedVersion: 2
    m_Curve:
    - serializedVersion: 2
      time: 0
      value: 1
      inSlope: 0
      outSlope: 0
      tangentMode: 0
    - serializedVersion: 2
      time: 1
      value: 0
      inSlope: 0
      outSlope: 0
      tangentMode: 0
    m_PreInfinity: 2
    m_PostInfinity: 2
    m_RotationOrder: 4
  panLevelCustomCurve:
    serializedVersion: 2
    m_Curve:
    - serializedVersion: 2
      time: 0
      value: 0
      inSlope: 0
      outSlope: 0
      tangentMode: 0
    m_PreInfinity: 2
    m_PostInfinity: 2
    m_RotationOrder: 0
  spreadCustomCurve:
    serializedVersion: 2
    m_Curve:
    - serializedVersion: 2
      time: 0
      value: 0
      inSlope: 0
      outSlope: 0
      tangentMode: 0
    m_PreInfinity: 2
    m_PostInfinity: 2
    m_RotationOrder: 0
  reverbZoneMixCustomCurve:
    serializedVersion: 2
    m_Curve:
    - serializedVersion: 2
      time: 0
      value: 1
      inSlope: 0
      outSlope: 0
      tangentMode: 0
    m_PreInfinity: 2
    m_PostInfinity: 2
    m_RotationOrder: 0
--- !u!82 &82643195742070644
AudioSource:
  m_ObjectHideFlags: 1
  m_PrefabParentObject: {fileID: 0}
  m_PrefabInternal: {fileID: 100100000}
  m_GameObject: {fileID: 1719465349784984}
  m_Enabled: 1
  serializedVersion: 4
  OutputAudioMixerGroup: {fileID: 24300002, guid: 6dfbbce8a2c4fc94092e1ed957eb1258,
    type: 2}
  m_audioClip: {fileID: 8300000, guid: bcdf1ff43a7117542aeb75f44c6088a9, type: 3}
  m_PlayOnAwake: 0
  m_Volume: 0
  m_Pitch: 1
  Loop: 1
  Mute: 0
  Spatialize: 0
  SpatializePostEffects: 0
  Priority: 128
  DopplerLevel: 1
  MinDistance: 1
  MaxDistance: 500
  Pan2D: 0
  rolloffMode: 0
  BypassEffects: 0
  BypassListenerEffects: 0
  BypassReverbZones: 0
  rolloffCustomCurve:
    serializedVersion: 2
    m_Curve:
    - serializedVersion: 2
      time: 0
      value: 1
      inSlope: 0
      outSlope: 0
      tangentMode: 0
    - serializedVersion: 2
      time: 1
      value: 0
      inSlope: 0
      outSlope: 0
      tangentMode: 0
    m_PreInfinity: 2
    m_PostInfinity: 2
    m_RotationOrder: 4
  panLevelCustomCurve:
    serializedVersion: 2
    m_Curve:
    - serializedVersion: 2
      time: 0
      value: 0
      inSlope: 0
      outSlope: 0
      tangentMode: 0
    m_PreInfinity: 2
    m_PostInfinity: 2
    m_RotationOrder: 0
  spreadCustomCurve:
    serializedVersion: 2
    m_Curve:
    - serializedVersion: 2
      time: 0
      value: 0
      inSlope: 0
      outSlope: 0
      tangentMode: 0
    m_PreInfinity: 2
    m_PostInfinity: 2
    m_RotationOrder: 0
  reverbZoneMixCustomCurve:
    serializedVersion: 2
    m_Curve:
    - serializedVersion: 2
      time: 0
      value: 1
      inSlope: 0
      outSlope: 0
      tangentMode: 0
    m_PreInfinity: 2
    m_PostInfinity: 2
    m_RotationOrder: 0
--- !u!82 &82977742463769126
AudioSource:
  m_ObjectHideFlags: 1
  m_PrefabParentObject: {fileID: 0}
  m_PrefabInternal: {fileID: 100100000}
  m_GameObject: {fileID: 1719465349784984}
  m_Enabled: 1
  serializedVersion: 4
  OutputAudioMixerGroup: {fileID: 24300002, guid: 6dfbbce8a2c4fc94092e1ed957eb1258,
    type: 2}
  m_audioClip: {fileID: 8300000, guid: d358728d458fd134da4d252f4d4f4117, type: 3}
  m_PlayOnAwake: 0
  m_Volume: 0
  m_Pitch: 1
  Loop: 1
  Mute: 0
  Spatialize: 0
  SpatializePostEffects: 0
  Priority: 128
  DopplerLevel: 1
  MinDistance: 1
  MaxDistance: 500
  Pan2D: 0
  rolloffMode: 0
  BypassEffects: 0
  BypassListenerEffects: 0
  BypassReverbZones: 0
  rolloffCustomCurve:
    serializedVersion: 2
    m_Curve:
    - serializedVersion: 2
      time: 0
      value: 1
      inSlope: 0
      outSlope: 0
      tangentMode: 0
    - serializedVersion: 2
      time: 1
      value: 0
      inSlope: 0
      outSlope: 0
      tangentMode: 0
    m_PreInfinity: 2
    m_PostInfinity: 2
    m_RotationOrder: 4
  panLevelCustomCurve:
    serializedVersion: 2
    m_Curve:
    - serializedVersion: 2
      time: 0
      value: 0
      inSlope: 0
      outSlope: 0
      tangentMode: 0
    m_PreInfinity: 2
    m_PostInfinity: 2
    m_RotationOrder: 0
  spreadCustomCurve:
    serializedVersion: 2
    m_Curve:
    - serializedVersion: 2
      time: 0
      value: 0
      inSlope: 0
      outSlope: 0
      tangentMode: 0
    m_PreInfinity: 2
    m_PostInfinity: 2
    m_RotationOrder: 0
  reverbZoneMixCustomCurve:
    serializedVersion: 2
    m_Curve:
    - serializedVersion: 2
      time: 0
      value: 1
      inSlope: 0
      outSlope: 0
      tangentMode: 0
    m_PreInfinity: 2
    m_PostInfinity: 2
    m_RotationOrder: 0
--- !u!114 &114024554273569582
MonoBehaviour:
  m_ObjectHideFlags: 1
  m_PrefabParentObject: {fileID: 0}
  m_PrefabInternal: {fileID: 100100000}
  m_GameObject: {fileID: 1719465349784984}
  m_Enabled: 1
  m_EditorHideFlags: 0
  m_Script: {fileID: 11500000, guid: da43f77281c58f44f9a6ca64560e0a8b, type: 3}
  m_Name: 
  m_EditorClassIdentifier: 
--- !u!114 &114042413442871782
MonoBehaviour:
  m_ObjectHideFlags: 1
  m_PrefabParentObject: {fileID: 0}
  m_PrefabInternal: {fileID: 100100000}
  m_GameObject: {fileID: 1719465349784984}
  m_Enabled: 1
  m_EditorHideFlags: 0
  m_Script: {fileID: 11500000, guid: 5cc166c76e0260e4c942bcda070059e5, type: 3}
  m_Name: 
  m_EditorClassIdentifier: 
  m_feedbackTextPrefab: {fileID: 1742792199036360, guid: bb6ea0b00b454b447a50e46b734cb9d0,
    type: 2}
  m_perFeedbackOffset: {x: 0, y: 0.3, z: 0}
--- !u!114 &114095695096932662
MonoBehaviour:
  m_ObjectHideFlags: 1
  m_PrefabParentObject: {fileID: 0}
  m_PrefabInternal: {fileID: 100100000}
  m_GameObject: {fileID: 1719465349784984}
  m_Enabled: 1
  m_EditorHideFlags: 0
  m_Script: {fileID: 11500000, guid: d28055d9cdd48d24b9ec3957b4cfddb1, type: 3}
  m_Name: 
  m_EditorClassIdentifier: 
  m_beatsPerMinute: 100
  m_audioLatency: 0.05
  m_musicMixer: {fileID: 24100000, guid: 6dfbbce8a2c4fc94092e1ed957eb1258, type: 2}
  m_targetDSPTime: 0
--- !u!114 &114190129127497410
MonoBehaviour:
  m_ObjectHideFlags: 1
  m_PrefabParentObject: {fileID: 0}
  m_PrefabInternal: {fileID: 100100000}
  m_GameObject: {fileID: 1719465349784984}
  m_Enabled: 1
  m_EditorHideFlags: 0
  m_Script: {fileID: 11500000, guid: 82ae5fbb33a1a8b4abb574d1f3a57d63, type: 3}
  m_Name: 
  m_EditorClassIdentifier: 
  m_momentumArrowPrefab: {fileID: 1733543839440280, guid: 78d337b23329d4643b1b73a95b31c13b,
    type: 2}
  m_momentumParticlesPrefab: {fileID: 1286138065077216, guid: 9c904f58089b55741962db5b1fef4f22,
    type: 2}
  colours:
  - {r: 1, g: 0.822, b: 0, a: 1}
  - {r: 1, g: 0.6221772, b: 0, a: 1}
  - {r: 1, g: 0.49803922, b: 0, a: 1}
  m_fadeInSpeed: 4
  m_fadeOutSpeed: 4
  m_fixedOffset: {x: 0, y: 1.5, z: 0}
  m_scaledOffset: {x: 0, y: 0, z: 0}
--- !u!114 &114249679732357660
MonoBehaviour:
  m_ObjectHideFlags: 1
  m_PrefabParentObject: {fileID: 0}
  m_PrefabInternal: {fileID: 100100000}
  m_GameObject: {fileID: 1719465349784984}
  m_Enabled: 1
  m_EditorHideFlags: 0
  m_Script: {fileID: 11500000, guid: 81a0938e4ba0c3c45b048156742e12f6, type: 3}
  m_Name: 
  m_EditorClassIdentifier: 
--- !u!114 &114302302708596200
MonoBehaviour:
  m_ObjectHideFlags: 1
  m_PrefabParentObject: {fileID: 0}
  m_PrefabInternal: {fileID: 100100000}
  m_GameObject: {fileID: 1719465349784984}
  m_Enabled: 1
  m_EditorHideFlags: 0
  m_Script: {fileID: 11500000, guid: 20f01b8b8b3884048aa5fa7c588bcf26, type: 3}
  m_Name: 
  m_EditorClassIdentifier: 
  m_tagName: WorldCanvas
  m_prefab: {fileID: 1229003482069770, guid: 773901e83bb0ef647bd691c3b520f756, type: 2}
--- !u!114 &114424682130636062
MonoBehaviour:
  m_ObjectHideFlags: 1
  m_PrefabParentObject: {fileID: 0}
  m_PrefabInternal: {fileID: 100100000}
  m_GameObject: {fileID: 1719465349784984}
  m_Enabled: 0
  m_EditorHideFlags: 0
  m_Script: {fileID: 11500000, guid: e4b3ac2c431380e439d19c14df163ab8, type: 3}
  m_Name: 
  m_EditorClassIdentifier: 
  m_rhythmRingPrefab: {fileID: 1836072807912100, guid: b33cddaaa56187c4bbc7cf4eb756f56c,
    type: 2}
--- !u!114 &114588844030870198
MonoBehaviour:
  m_ObjectHideFlags: 1
  m_PrefabParentObject: {fileID: 0}
  m_PrefabInternal: {fileID: 100100000}
  m_GameObject: {fileID: 1719465349784984}
  m_Enabled: 1
  m_EditorHideFlags: 0
  m_Script: {fileID: 11500000, guid: 20f01b8b8b3884048aa5fa7c588bcf26, type: 3}
  m_Name: 
  m_EditorClassIdentifier: 
  m_tagName: 
  m_prefab: {fileID: 1182064119729218, guid: 5c73b94aab3886c42865a7d9d8efd6f6, type: 2}
--- !u!114 &114597918100664450
MonoBehaviour:
  m_ObjectHideFlags: 1
  m_PrefabParentObject: {fileID: 0}
  m_PrefabInternal: {fileID: 100100000}
  m_GameObject: {fileID: 1719465349784984}
  m_Enabled: 1
  m_EditorHideFlags: 0
  m_Script: {fileID: 11500000, guid: 20f01b8b8b3884048aa5fa7c588bcf26, type: 3}
  m_Name: 
  m_EditorClassIdentifier: 
  m_tagName: WorldCanvas
  m_prefab: {fileID: 1851339741672980, guid: b1d8782dbb5c07d43ac3dfdc9523d9d8, type: 2}
--- !u!114 &114692005749967644
MonoBehaviour:
  m_ObjectHideFlags: 1
  m_PrefabParentObject: {fileID: 0}
  m_PrefabInternal: {fileID: 100100000}
  m_GameObject: {fileID: 1719465349784984}
  m_Enabled: 1
  m_EditorHideFlags: 0
  m_Script: {fileID: 11500000, guid: 8b22caf0b0a83a547a3909ef98b849ac, type: 3}
  m_Name: 
  m_EditorClassIdentifier: 
  m_targetTag: Lights
  m_pulsationCurve:
    serializedVersion: 2
    m_Curve:
    - serializedVersion: 2
      time: 0.7
      value: -0.0000005066395
      inSlope: 0
      outSlope: 0
      tangentMode: 0
    - serializedVersion: 2
      time: 0.9308058
      value: 0.34354815
      inSlope: 3.1551185
      outSlope: 3.1551185
      tangentMode: 0
    - serializedVersion: 2
      time: 1
      value: 1.0003476
      inSlope: 4.653863
      outSlope: 4.653863
      tangentMode: 0
    m_PreInfinity: 2
    m_PostInfinity: 2
    m_RotationOrder: 0
--- !u!114 &114741406259219470
MonoBehaviour:
  m_ObjectHideFlags: 1
  m_PrefabParentObject: {fileID: 0}
  m_PrefabInternal: {fileID: 100100000}
  m_GameObject: {fileID: 1719465349784984}
  m_Enabled: 1
  m_EditorHideFlags: 0
  m_Script: {fileID: 11500000, guid: 20f01b8b8b3884048aa5fa7c588bcf26, type: 3}
  m_Name: 
  m_EditorClassIdentifier: 
  m_tagName: WorldCanvas
  m_prefab: {fileID: 1820940416452756, guid: 4614f23dda5170d44beb73fa533a2c3b, type: 2}
--- !u!114 &114762799364707838
MonoBehaviour:
  m_ObjectHideFlags: 1
  m_PrefabParentObject: {fileID: 0}
  m_PrefabInternal: {fileID: 100100000}
  m_GameObject: {fileID: 1719465349784984}
  m_Enabled: 1
  m_EditorHideFlags: 0
  m_Script: {fileID: 11500000, guid: 20f01b8b8b3884048aa5fa7c588bcf26, type: 3}
  m_Name: 
  m_EditorClassIdentifier: 
  m_tagName: ScreenCanvas
  m_prefab: {fileID: 1965744888850368, guid: 93628e5bd89613b439bd274eaacdeae1, type: 2}
